@article{decandia2007dynamo,
  title={{Dynamo: amazon's highly available key-value store}},
  author={DeCandia, G. and Hastorun, D. and Jampani, M. and Kakulapati, G. and Lakshman, A. and Pilchin, A. and Sivasubramanian, S. and Vosshall, P. and Vogels, W.},
  journal={ACM SIGOPS Operating Systems Review},
  volume={41},
  number={6},
  pages={205--220},
  issn={0163-5980},
  year={2007},
  publisher={ACM}
}

@article{chang2008bigtable,
  title={{Bigtable: A distributed storage system for structured data}},
  author={Chang, F. and Dean, J. and Ghemawat, S. and Hsieh, W.C. and Wallach, D.A. and Burrows, M. and Chandra, T. and Fikes, A. and Gruber, R.E.},
  journal={ACM Transactions on Computer Systems (TOCS)},
  volume={26},
  number={2},
  pages={1--26},
  issn={0734-2071},
  year={2008},
  publisher={ACM}
}

@misc{redis,
  title={{Redis}},
  author={Citrusbyte},
  howpublished="\url{http://redis.io/}"
}

@conference{ghemawat2003google,
  title={{The Google file system}},
  author={Ghemawat, S. and Gobioff, H. and Leung, S.T.},
  booktitle={ACM SIGOPS Operating Systems Review},
  volume={37},
  number={5},
  pages={29--43},
  isbn={1581137575},
  issn={0163-5980},
  year={2003},
  organization={ACM}
}

@misc{moosefs,
  title={{MooseFS}},
  howpublished="\url{http://www.moosefs.org/}"
}

@article{cooper2008pnuts,
  title={{PNUTS: Yahoo!'s hosted data serving platform}},
  author={Cooper, B.F. and Ramakrishnan, R. and Srivastava, U. and Silberstein, A. and Bohannon, P. and Jacobsen, H.A. and Puz, N. and Weaver, D. and Yerneni, R.},
  journal={Proceedings of the VLDB Endowment},
  volume={1},
  number={2},
  pages={1277--1288},
  issn={2150-8097},
  year={2008},
  publisher={VLDB Endowment}
}

@misc{bitcask,
  title={{Bitcask}},
  author={Sheehy, J. and Smith, D.},
  howpublished="\url{http://downloads.basho.com/papers/bitcask-intro.pdf}"
}

@misc{beansdb,
  title={{BeansDB}},
  howpublished="\url{http://beansdb.googlecode.com/files/Inside%20BeansDB.pdf}"
}

@misc{kyotocabinet,
  title={{Kyoto Cabinet}},
  howpublished="\url{http://fallabs.com/kyotocabinet/kyotoproducts.pdf}"
}

@misc{memcachedb,
  title={{MemcacheDB}},
  author={Steve Chu},
  howpublished="\url{http://memcachedb.org/memcachedb-guide-1.0.pdf}"
}
