@article{lamport1978time,
  title={Time, clocks, and the ordering of events in a distributed system},
  author={Lamport, L.},
  journal={Communications of the ACM},
  volume={21},
  number={7},
  pages={558--565},
  year={1978},
  publisher={ACM}
}

@article{rivest1992rfc1321,
  title={RFC1321: The MD5 message-digest algorithm},
  author={Rivest, R.},
  journal={RFC Editor United States},
  year={1992},
  publisher={RFC Editor, United States}
}

@inproceedings{fox1997cluster,
  title={Cluster-based scalable network services},
  author={Fox, A. and Gribble, S.D. and Chawathe, Y. and Brewer, E.A. and Gauthier, P.},
  booktitle={ACM SIGOPS Operating Systems Review},
  volume={31},
  number={5},
  pages={78--91},
  year={1997},
  organization={ACM}
}

@inproceedings{karger1997consistent,
  title={Consistent hashing and random trees: Distributed caching protocols for relieving hot spots on the World Wide Web},
  author={Karger, D. and Lehman, E. and Leighton, T. and Panigrahy, R. and Levine, M. and Lewin, D.},
  booktitle={Proceedings of the twenty-ninth annual ACM symposium on Theory of computing},
  pages={654--663},
  year={1997},
  organization={ACM}
}

@inproceedings{hastorun2007dynamo,
  title={Dynamo: amazon’s highly available key-value store},
  author={Hastorun, D. and Jampani, M. and Kakulapati, G. and Pilchin, A. and Sivasubramanian, S. and Vosshall, P. and Vogels, W.},
  booktitle={In Proc. SOSP},
  year={2007},
  organization={Citeseer}
}

@article{cooper2008pnuts,
  title={PNUTS: Yahoo!'s hosted data serving platform},
  author={Cooper, B.F. and Ramakrishnan, R. and Srivastava, U. and Silberstein, A. and Bohannon, P. and Jacobsen, H.A. and Puz, N. and Weaver, D. and Yerneni, R.},
  journal={Proceedings of the VLDB Endowment},
  volume={1},
  number={2},
  pages={1277--1288},
  year={2008},
  publisher={VLDB Endowment}
}

@inproceedings{ghemawat2003google,
  title={The Google file system},
  author={Ghemawat, S. and Gobioff, H. and Leung, S.T.},
  booktitle={ACM SIGOPS Operating Systems Review},
  volume={37},
  number={5},
  pages={29--43},
  year={2003},
  organization={ACM}
}

@article{chang2008bigtable,
  title={Bigtable: A distributed storage system for structured data},
  author={Chang, F. and Dean, J. and Ghemawat, S. and Hsieh, W.C. and Wallach, D.A. and Burrows, M. and Chandra, T. and Fikes, A. and Gruber, R.E.},
  journal={ACM Transactions on Computer Systems (TOCS)},
  volume={26},
  number={2},
  pages={1--26},
  year={2008},
  publisher={ACM}
}

@INPROCEEDINGS{Ma2006,
  TITLE =        "去伪存真，去粗取精——页面质量评估及其在网络信息检索中的应用",
  AUTHOR =       "马少平 and 刘亦群",
  YEAR =         2006,
  MONTH =        jul,
  INSTITUTION =  "清华大学计算机科学与技术系",
  LANG =         "zh",
}
